<record><leader>00000cas a22000007a 4500</leader><controlfield tag="001">20032043</controlfield><controlfield tag="008">890719d19621968nduwr ne      0    0eng d</controlfield><datafield ind1=" " ind2=" " tag="010"><subfield code="a">sn 88076406 </subfield></datafield><datafield ind1=" " ind2=" " tag="040"><subfield code="a">NOP</subfield><subfield code="b">eng</subfield><subfield code="c">NOP</subfield><subfield code="d">OCLCQ</subfield></datafield><datafield ind1=" " ind2=" " tag="042"><subfield code="a">msc</subfield></datafield><datafield ind1="0" ind2="0" tag="245"><subfield code="a">Traill County tribune and Portland Republican.</subfield></datafield><datafield ind1=" " ind2=" " tag="260"><subfield code="a">Mayville, N.D. :</subfield><subfield code="b">Otto Bang</subfield></datafield><datafield ind1=" " ind2=" " tag="300"><subfield code="a">8 v. :</subfield><subfield code="b">ill. ;</subfield><subfield code="c">55 cm.</subfield></datafield><datafield ind1=" " ind2=" " tag="310"><subfield code="a">Weekly</subfield></datafield><datafield ind1="0" ind2=" " tag="362"><subfield code="a">Vol. 80, no. 19 (Jan. 4, 1962)-v. 87, no. 12 (Nov. 7, 1968).</subfield></datafield><datafield ind1=" " ind2=" " tag="530"><subfield code="a">Available on microfilm from the State Historical Society of North Dakota.</subfield></datafield><datafield ind1=" " ind2=" " tag="752"><subfield code="a">United States</subfield><subfield code="b">North Dakota</subfield><subfield code="c">Traill</subfield><subfield code="d">Mayville.</subfield></datafield><datafield ind1="0" ind2="4" tag="780"><subfield code="t">Traill County tribune (Mayville, N.D. : 1929)</subfield><subfield code="w">(DLC)sn 88076405</subfield></datafield><datafield ind1="0" ind2="4" tag="780"><subfield code="t">Portland Republican</subfield><subfield code="w">(DLC)sn 88076409</subfield></datafield><datafield ind1="0" ind2="0" tag="785"><subfield code="t">Traill County tribune (Mayville, N.D. : 1968)</subfield><subfield code="w">(DLC)sn 88076407</subfield></datafield></record>